@book{preim2015interaktive,
  title     = {Interaktive Systeme: Band 2: User Interface Engineering, 3D-Interaktion, Natural User Interfaces},
  author    = {Preim, Bernhard and Dachselt, Raimund},
  year      = {2015},
  publisher = {Springer-Verlag}
}

@inproceedings{herczeg20098,
  title        = {8 Zeitverhalten interaktiver Systeme},
  author       = {Herczeg, Michael},
  booktitle    = {Software-Ergonomie},
  pages        = {145--154},
  year         = {2009},
  organization = {Oldenbourg Wissenschaftsverlag}
}

 @misc{osce,
  title   = {OSCE},
  url     = {https://flexikon.doccheck.com/de/OSCE},
  journal = {DocCheck Flexikon},
  author  = {Dr. med. Stella Maria Cifuentes Belmar},
  note    = {Accessed: 2022-07-15}
} 