%% LaTeX2e file `Masterarbeit_Felix_Greuling_666020-bibtex-entries.bib'
%% generated by the `bibtex-entries' environment
%% from source `Masterarbeit_Felix_Greuling_666020' on 2022/06/21.
%%
    @TechReport{Kernighan1974,
      author = {Brian Kernighan},
      title = {Programming in C â€“ A Tutorial},
      institution = {Bell Laboratories},
      year = {1974}
    }
  
